%% This BibTeX bibliography file was created using BibDesk.
%% http://bibdesk.sourceforge.net/

%% Saved with string encoding Unicode (UTF-8) 

% https://en.wikibooks.org/wiki/LaTeX/Bibliography_Management

@misc{kinsim,
      author = {Liam Gaffney},
      title = {{Kinematics simulations for Coulomb-excitation experiments at Miniball}},
      month = {May},
      year = {2018},
      url = {https://github.com/lpgaff/kinsim}
}

@phdthesis{Klintefjord,
	author = "Malin Klintefjord",
	title = "Evolution of deformation and collectivity away from magic numbers",
	school = "University of Oslo",
	year = "2016",
	month = "May",
	url = "http://urn.nb.no/URN:NBN:no-56121"
}

@unpublished{CERN-AC,
      author        = "Christiane Lefèvre",
      title         = "{The CERN accelerator complex. Complexe des
                       accélérateurs du CERN}",
      month         = "Dec",
      year          = "2008",
      reportNumber  = "CERN-DI-0812015",
      url           = "https://cds.cern.ch/record/1260465",
}

@misc{ISOLDE-web,
	author = "{The ISOLDE web page}",
	url = "http://isolde.web.cern.ch",
	note = "Accessed: April, 2019"
}

@misc{ISOLDE-facility,
	author = "{The ISOLDE facility}", 
	url = "http://www.scholarpedia.org/article/The_ISOLDE_facility",
	note = "Accessed: April, 2019"
}